@article{raissi2019physics,
  title={Physics-informed neural networks: A deep learning framework for solving forward and inverse problems involving nonlinear partial differential equations},
  author={Raissi, Maziar and Perdikaris, Paris and Karniadakis, George E},
  journal={Journal of Computational Physics},
  volume={378},
  pages={686--707},
  year={2019},
  publisher={Elsevier},
  doi={10.1016/j.jcp.2018.10.045}
}

@article{lu2021deepxde,
  title={DeepXDE: A deep learning library for solving differential equations},
  author={Lu, Lu and Meng, Xuhui and Mao, Zhiping and Karniadakis, George E},
  journal={SIAM Review},
  volume={63},
  number={1},
  pages={208--228},
  year={2021},
  publisher={SIAM},
  doi={10.1137/19M1274067}
}

@article{lu2021physics,
  title={Physics-informed neural networks with hard constraints for inverse design},
  author={Lu, Lu and Pestourie, Raphael and Yao, Wenjie and Wang, Zhicheng and Verdugo, Francesc and Johnson, Steven G},
  journal={SIAM Journal on Scientific Computing},
  volume={43},
  number={6},
  pages={B1105--B1132},
  year={2021},
  publisher={SIAM},
  doi={10.1137/21M1397908}
}

@article{jagtap2020conservative,
  title={Conservative physics-informed neural networks on discrete domains for conservation laws: Applications to forward and inverse problems},
  author={Jagtap, Ameya D and Karniadakis, George Em and Kawai, Kenji},
  journal={Computer Methods in Applied Mechanics and Engineering},
  volume={365},
  pages={113028},
  year={2020},
  publisher={Elsevier},
  doi={10.1016/j.cma.2020.113028}
}

@article{kharazmi2021hp,
  title={hp-VPINNs: Variational physics-informed neural networks with domain decomposition},
  author={Kharazmi, Ehsan and Zhang, Zhongqiang and Karniadakis, George EM},
  journal={Computer Methods in Applied Mechanics and Engineering},
  volume={374},
  pages={113547},
  year={2021},
  publisher={Elsevier},
  doi={10.1016/j.cma.2020.113547}
}

@article{wang2021understanding,
  title={Understanding and mitigating gradient flow pathologies in physics-informed neural networks},
  author={Wang, Sifan and Teng, Yujun and Perdikaris, Paris},
  journal={SIAM Journal on Scientific Computing},
  volume={43},
  number={5},
  pages={A3055--A3081},
  year={2021},
  publisher={SIAM},
  doi={10.1137/20M1318043}
}

@article{jagtap2020adaptive,
  title={Adaptive activation functions accelerate convergence in deep and physics-informed neural networks},
  author={Jagtap, Ameya D and Kawaguchi, Kenji and Karniadakis, George Em},
  journal={Journal of Computational Physics},
  volume={404},
  pages={109136},
  year={2020},
  publisher={Elsevier},
  doi={10.1016/j.jcp.2019.109136}
}

@article{gao2021phygeonet,
  title={PhyGeoNet: Physics-informed geometry-adaptive convolutional neural networks for solving parameterized steady-state PDEs on irregular domain},
  author={Gao, Han and Sun, Luning and Wang, Jian-Xun},
  journal={Journal of Computational Physics},
  volume={428},
  pages={110079},
  year={2021},
  publisher={Elsevier},
  doi={10.1016/j.jcp.2020.110079}
}

@article{huang2022solving,
  title={Solving singular poisson problems by physics-informed neural networks},
  author={Huang, Zhouhong and Zhang, Ziming and Rozza, Gianluigi},
  journal={Engineering Analysis with Boundary Elements},
  volume={137},
  pages={148--161},
  year={2022},
  publisher={Elsevier},
  doi={10.1016/j.enganabound.2022.01.011}
}

@article{wang2020understanding,
  title={Understanding and mitigating gradient pathologies in physics-informed neural networks},
  author={Wang, Sifan and Teng, Yujun and Perdikaris, Paris},
  journal={arXiv preprint arXiv:2001.04536},
  year={2020}
}

@book{evans2010partial,
  title={Partial differential equations},
  author={Evans, Lawrence C},
  year={2010},
  publisher={American Mathematical Society},
  address={Providence, Rhode Island},
  edition={2nd}
}

@article{chen2020comparison,
  title={Comparison of the deep-learning-based ML-PINNs for solving PDEs},
  author={Chen, Shuaiqiang and Zhang, Yadong and Wang, Kejun and Ma, Wenxiang and He, Guanxing and He, Guowei},
  journal={Computer Physics Communications},
  volume={271},
  pages={108197},
  year={2022},
  publisher={Elsevier},
  doi={10.1016/j.cpc.2021.108197}
}

@article{meng2020ppinn,
  title={PPINN: Parareal physics-informed neural network for time-dependent PDEs},
  author={Meng, Xuhui and Li, Zhen and Zhang, Dongkun and Karniadakis, George Em},
  journal={Computer Methods in Applied Mechanics and Engineering},
  volume={370},
  pages={113250},
  year={2020},
  publisher={Elsevier},
  doi={10.1016/j.cma.2020.113250}
}

@article{jagtap2022deep,
  title={Deep learning for the solution and discovery of partial differential equations: A pedagogical perspective},
  author={Jagtap, Ameya D and Karniadakis, George Em},
  journal={Annual Review of Fluid Mechanics},
  volume={54},
  pages={665--693},
  year={2022},
  publisher={Annual Reviews},
  doi={10.1146/annurev-fluid-031221-064358}
}

@book{griffiths2017introduction,
  title={Introduction to Electrodynamics},
  author={Griffiths, David J},
  year={2017},
  publisher={Cambridge University Press},
  address={Cambridge, UK},
  edition={4th}
}

@book{goodfellow2016deep,
  title={Deep Learning},
  author={Goodfellow, Ian and Bengio, Yoshua and Courville, Aaron},
  year={2016},
  publisher={MIT Press},
  address={Cambridge, MA},
  url={http://www.deeplearningbook.org}
} 